@article{mittal2013trustworthiness,
  title={Trustworthiness of big data},
  author={Mittal, Akhil},
  journal={International Journal of Computer Applications},
  volume={80},
  number={9},
  year={2013},
  publisher={Citeseer}
}
@article{gudivada2015big,
  title={Big data: Promises and problems},
  author={Gudivada, Venkat N and Baeza-Yates, Ricardo and Raghavan, Vijay V},
  journal={Computer},
  volume={48},
  number={03},
  pages={20--23},
  year={2015},
  publisher={IEEE Computer Society}
}
@ARTICLE{8063921,
  author={Yu, Jiahui and Wang, Kun and Li, Peng and Xia, Rui and Guo, Song and Guo, Minyi},
  journal={IEEE Transactions on Big Data}, 
  title={Efficient Trustworthiness Management for Malicious User Detection in Big Data Collection}, 
  year={2022},
  volume={8},
  number={1},
  pages={99-112},
  doi={10.1109/TBDATA.2017.2761386}}
@article{article,
author = {Cai, Li and Zhu, Yangyong},
year = {2015},
month = {05},
pages = {},
title = {The Challenges of Data Quality and Data Quality Assessment in the Big Data Era},
volume = {14},
journal = {Data Science Journal},
doi = {10.5334/dsj-2015-002}
}
@INPROCEEDINGS{8605945,
  author={Taleb, Ikbal and Serhani, Mohamed Adel and Dssouli, Rachida},
  booktitle={2018 International Conference on Innovations in Information Technology (IIT)}, 
  title={Big Data Quality Assessment Model for Unstructured Data}, 
  year={2018},
  volume={},
  number={},
  pages={69-74},
  doi={10.1109/INNOVATIONS.2018.8605945}}
@ARTICLE{6949519,
  author={O'Leary, Daniel E.},
  journal={IEEE Intelligent Systems}, 
  title={Embedding AI and Crowdsourcing in the Big Data Lake}, 
  year={2014},
  volume={29},
  number={5},
  pages={70-73},
  doi={10.1109/MIS.2014.82}}
@article{anisetti2023assurance,
  title={An assurance process for Big Data trustworthiness},
  author={Anisetti, Marco and Ardagna, Claudio A and Berto, Filippo},
  journal={Future Generation Computer Systems},
  volume={146},
  pages={34--46},
  year={2023},
  publisher={Elsevier}
}
@INPROCEEDINGS{7838288,
  author={Agarwal, Bhoomika and Ravikumar, Abhiram and Saha, Snehanshu},
  booktitle={2016 15th IEEE International Conference on Machine Learning and Applications (ICMLA)}, 
  title={A Novel Approach to Big Data Veracity Using Crowdsourcing Techniques and Bayesian Predictors}, 
  year={2016},
  volume={},
  number={},
  pages={1020-1023},
  doi={10.1109/ICMLA.2016.0184}}